@manual{oetiket2007lshort,
    author = {Oetiket, T. and Partl, H. and Hyna and Schlegl, E.},
    title = {The not-so-short introduction to Latex},
    url = {http://www.ctan.org/tex-archive/info/lshort/english/lshort.pdf}
}

@Manual{downes2002shortams,
  title = 	 {{Short Math Guide for \LaTeX{}}},
  author = 	 {Downes,, Michael},
  organization = {American Mathematical Society},
  year = 	 {2002},
  url = 	 {ftp://ftp.ams.org/pub/tex/doc/amsmath/short-math-guide.pdf}
}

@Book{ungar2002uvod,
  author = 	 {Šime Ungar},
  title = 	 {{Uvod u \TeX{} s naglaskom na \LaTeX 2$\epsilon$}},
  publisher = 	 {Odjel za matematiku, Sveučilište J.J.\ Strossmayera u Osijeku},
  year = 	 {2002}
}

@Book{bioinfo1,
    author = {Baxevanis, Andreas D.},
    title = {Bioinformatics and The Internet},
    publisher = {John Wiley \& Sons, Inc.},
    isbn = {9780471223924},
    year = {2002},
}  

@article{mafft,
  title={MAFFT version 5: improvement in accuracy of multiple sequence alignment},
  author={Katoh, K. and Kuma, K. and Toh, H. and Miyata, T.},
  journal={Nucleic Acids Res.},
  volume={33},
  pages={511-518},
  year={2005},
  publisher={Oxford Univ Press}
}
